@online{Straits2024,
  author  = {{Straits Research}},
  title   = {Business Intelligence Market Size \& Outlook, 2025--2033},
  year    = {2024},
  url     = {https://straitsresearch.com/report/business-intelligence-market},
  urldate = {2025-10-28}
}

@online{Intimedia2024,
  author  = {{Intimedia}},
  title   = {Indonesia accelerates digital transformation with AI adoption to achieve Golden Indonesia 2045},
  year    = {2024},
  url     = {https://intimedia.id/read/indonesia-accelerates-digital-transformation-with-ai-adoption-to-achieve-golden-indonesia-2045},
  urldate = {2025-10-28}
}

@online{EastVC2025,
  author  = {{East.vc}},
  title   = {The potential of AI to drive Indonesiaâ€™s digital competitiveness growth},
  year    = {2025},
  url     = {https://east.vc/news/insights/the-potential-of-ai-to-drive-indonesias-digital-competitiveness-growth},
  urldate = {2025-10-28}
}

@online{Qaltivate2025,
  author  = {{Qaltivate}},
  title   = {Conversational AI market summary: 2025 edition},
  year    = {2025},
  url     = {https://qaltivate.com/blog/conversational-ai-market/},
  urldate = {2025-10-28}
}

@online{Fullview2025,
  author  = {{Fullview}},
  title   = {80+ AI Customer Service Statistics \& Trends in 2025},
  year    = {2025},
  url     = {https://www.fullview.io/blog/ai-customer-service-stats},
  urldate = {2025-10-28}
}

@article{Iqbal2021,
  author  = {Iqbal, M. and Siregar, M. N. H. and Rismayanti, R.},
  title   = {Implementation of Natural Language Processing for Chatbots in Customer Service},
  journal = {Journal of Computer Science and Informatics Engineering},
  year    = {2021},
  volume  = {1},
  number  = {1},
  pages   = {1--9},
  doi     = {10.64803/jocsaic.v1i1.4}
}

@online{Precedence2025,
  author  = {{Precedence Research}},
  title   = {Natural Language Processing Market Size to Hit USD 438.08 Bn by 2034},
  year    = {2025},
  url     = {https://www.precedenceresearch.com/natural-language-processing-market},
  urldate = {2025-10-28}
}

@article{Lalwani2022,
  author  = {Lalwani, P. and Mishra, M. K. and Chadha, J. S. and Sethi, P.},
  title   = {Customer Churn Prediction System: A Machine Learning Approach},
  journal = {Computing},
  year    = {2022},
  volume  = {104},
  number  = {8},
  pages   = {1--24},
  doi     = {10.1007/s00607-021-00908-y}
}

@online{WiseGuyReports2024,
  author  = {{WiseGuyReports}},
  title   = {Time Series Forecasting Market},
  year    = {2024},
  url     = {https://www.wiseguyreports.com/reports/time-series-forecasting-market},
  urldate = {2025-10-28},
  note    = {Estimasi: USD 9{.}62 miliar (2023) $\rightarrow$ USD 36{.}9 miliar (2032), CAGR $\sim$16{.}12\%}
}


@inproceedings{sorour2020business,
  author    = {Sorour, Mohamed K.},
  title     = {The Role of Business Intelligence and Analytics in Higher Education Decision Making},
  booktitle = {2020 IEEE Global Engineering Education Conference (EDUCON)},
  year      = {2020},
  pages     = {1849--1856},
  doi       = {10.1109/EDUCON45650.2020.9194157},
  publisher = {IEEE}
}

@article{khaddam2025ai,
  author  = {Khaddam, Ibrahim and Alzghoul, Mohammad},
  title   = {Artificial Intelligence-Driven Business Intelligence: Systematic Literature Review},
  journal = {International Journal of Energy Economics and Policy},
  year    = {2025},
  volume  = {15},
  number  = {1},
  pages   = {45--54},
  doi     = {10.32479/ijeep.19820}
}

@article{shah2025hybrid,
  author  = {Shah, Nisarg},
  title   = {Hybrid Analytics Architecture: Integrating Traditional BI with AI-Driven Insights},
  journal = {World Journal of Advanced Engineering Technology and Sciences},
  year    = {2025},
  volume  = {14},
  number  = {02},
  pages   = {256--271},
  doi     = {10.30574/wjaets.2025.14.2.0037}
}

@online{databricks2025semantic,
  author       = {Databricks},
  title        = {The Role of Semantic Layers in Modern Data Analytics},
  year         = {2025},
  url          = {https://www.databricks.com/glossary/semantic-layer},
  urldate      = {2025-10-28}
}

@online{atscale2025semantic,
  author       = {AtScale},
  title        = {Why Semantic Layers? A Key Technical Architecture},
  year         = {2025},
  url          = {https://www.atscale.com/blog/semantic-layers-key-technical-architecture/},
  urldate      = {2025-10-28}
}

@online{dbt2024semantic,
  author       = {dbt Labs},
  title        = {Understanding Semantic Layer Architecture},
  year         = {2024},
  url          = {https://www.getdbt.com/blog/semantic-layer-architecture},
  urldate      = {2025-10-28}
}

@article{shah2024ai,
  author  = {Shah, Nisarg},
  title   = {AI-Driven Autonomous Database Management: Self-Tuning Query Optimization, Predictive Maintenance, and Intelligent Workload Distribution},
  journal = {World Journal of Advanced Research and Reviews},
  year    = {2024},
  volume  = {24},
  number  = {1},
  pages   = {1519--1533},
  doi     = {10.30574/wjarr.2024.24.1.3430}
}

@article{finance1994rule,
  author  = {Finance, Beatrice and Gardarin, Georges},
  title   = {A Rule-Based Query Optimizer with Multiple Search Strategies},
  journal = {Information Systems},
  year    = {1994},
  volume  = {19},
  number  = {5},
  pages   = {465--486},
  doi     = {10.1016/0169-023X(94)90045-0}
}

@misc{ali2020chatbot,
  author       = {Ali, Mohd Hilmi Hasan and Zolkepli, Masnizah and Bin Anuar, Nor Badrul and Zainal, Mohamad Zulhaimi},
  title        = {Chatbot: A Conversational Agent Employed with Named Entity Recognition Model Using Recurrent Neural Network},
  howpublished = {arXiv preprint},
  year         = {2020},
  eprint       = {2007.04248},
  archivePrefix = {arXiv},
  primaryClass = {cs.CL},
  url          = {https://arxiv.org/abs/2007.04248}
}

@article{jumriyah2025influence,
  author  = {Jumriyah and others},
  title   = {The Influence of Natural Language-Based Chatbot Usage on Customer Satisfaction and Service Efficiency},
  journal = {Journal of Innovation in Learning and Technology},
  year    = {2025},
  volume  = {2},
  number  = {2},
  pages   = {78--89},
  doi     = {10.61650/jiltech.v2i2.821}
}

@article{rizou2023efficient,
  author  = {Rizou, Spyridoula and Giannoulakis, Stelios and Tsapatsoulis, Nicolas},
  title   = {Efficient Intent Classification and Entity Recognition for E-Commerce Queries Using Transformer-Based Models},
  journal = {SN Computer Science},
  year    = {2023},
  volume  = {4},
  number  = {6},
  pages   = {Article 728},
  doi     = {10.1016/j.socs.2023.100728}
}

@article{perdana2025multi,
  author  = {Perdana, Rizki Maulana and others},
  title   = {Multi-task Learning for Named Entity Recognition and Intent Classification in Task-Oriented Dialogue Systems},
  journal = {Journal of Information Systems Engineering and Business Intelligence},
  year    = {2025},
  volume  = {11},
  number  = {1},
  pages   = {143--155},
  doi     = {10.20473/jisebi.11.1.143-155}
}

@article{annisa2024kombinasi,
  author  = {Annisa, Puput Triandini and others},
  title   = {Kombinasi Intent Classification dan Named Entity Recognition dengan Pendekatan Multi-task Learning pada Dataset ATIS},
  journal = {Jurnal Teknologi Informasi dan Ilmu Komputer (JTIIK)},
  year    = {2024},
  volume  = {11},
  number  = {5},
  pages   = {1055--1064},
  doi     = {10.25126/jtiik.2024117985}
}

@article{shinde2025applications,
  author  = {Shinde, Amruta R. and Ambika, S.},
  title   = {Applications of Natural Language Processing in Chatbot},
  journal = {Journal of Information Systems and Engineering Management},
  year    = {2025},
  volume  = {10},
  number  = {2},
  pages   = {25936},
  doi     = {10.55267/iadt.07.15936}
}

@article{mulyatun2021pendekatan,
  author  = {Mulyatun, Mulyatun and Kurniawan, Dedi and Hudaya, Agus},
  title   = {Pendekatan Natural Language Processing pada Aplikasi Chatbot sebagai Alat Bantu Customer Service},
  journal = {Jurnal Teknologi Sistem Informasi dan Aplikasi},
  year    = {2021},
  volume  = {4},
  number  = {1},
  pages   = {55--62},
  doi     = {10.32493/jtsi.v4i1.7751}
}

@article{ibadurrahman2025implementasi,
  author  = {Ibadurrahman},
  title   = {Implementasi Chatbot Berbasis Natural Language Processing dengan Model BERT untuk Meningkatkan Pelayanan},
  journal = {Jurnal Informatika Teknologi dan Sains},
  year    = {2025},
  volume  = {7},
  number  = {3},
  pages   = {1521--1528},
  doi     = {10.51401/jinteks.v7i3.8176}
}

@inproceedings{vasist2021intent,
  author    = {Vasist, P. Naga Sai and Krishnan, Ajay Sukumar},
  title     = {Intent Classification using BERT for Chatbot Application},
  booktitle = {EAI International Conference on Multimedia, Signal Processing and Communication Technologies},
  year      = {2021},
  pages     = {1--10},
  doi       = {10.4108/eai.7-12-2021.2314563}
}

@article{rahayu2024implementation,
  author  = {Rahayu, Ika Yuniar and Supriyono and Prasatya, Siva},
  title   = {Implementation of Pattern-Based Natural Language Processing for Chatbot Responses},
  journal = {Jurnal Sistem Informasi dan Informatika (Systems and Information Journal)},
  year    = {2024},
  volume  = {12},
  number  = {2},
  pages   = {738--748},
  doi     = {10.33480/josai.v12i2.6739}
}

@inproceedings{siami2018comparison,
  author    = {Siami-Namini, Sima and Tavakoli, Neda and Namin, Akbar Siami},
  title     = {A Comparison of ARIMA and LSTM in Forecasting Time Series},
  booktitle = {2018 17th IEEE International Conference on Machine Learning and Applications (ICMLA)},
  year      = {2018},
  pages     = {1394--1401},
  doi       = {10.1109/ICMLA.2018.00227},
  publisher = {IEEE}
}

@article{sirisha2022profit,
  author  = {Sirisha, U. M. and others},
  title   = {Profit Prediction Using ARIMA, SARIMA and LSTM Models in Time Series Forecasting: A Comparison},
  journal = {International Journal of Current Research and Review (IJCRR)},
  year    = {2022},
  volume  = {14},
  number  = {24},
  pages   = {32--42},
  doi     = {10.31782/IJCRR.2022.142410}
}

@article{sunendar2025comparison,
  author  = {Sunendar, Agus and Wibirama, Sunu and Setiawan, Noor Akhmad},
  title   = {Comparison of ARIMA, LSTM, and GRU Models for Sales Prediction in Indonesian Banking Stock Market},
  journal = {PILAR: Physics, Informatics, and Applied Research},
  year    = {2025},
  volume  = {3},
  number  = {1},
  pages   = {67--78},
  doi     = {10.25273/pilar.v3i1.6412}
}

@article{alharbi2025prediction,
  author  = {Alharbi, Nada},
  title   = {Prediction of Stock Market Using LSTM, ARIMA, and Hybrid ARIMA-LSTM Models: A Comparative Analysis},
  journal = {Natural Sciences Publishing},
  year    = {2025},
  volume  = {19},
  number  = {1},
  pages   = {45--58},
  doi     = {10.18576/amis/190105}
}

@article{dubey2021study,
  author  = {Dubey, Ashish Kumar and Kumar, Abhishek and Narang, Sandeep},
  title   = {Study and Analysis of SARIMA and LSTM in Forecasting Time Series Data},
  journal = {Sustainable Energy Technologies and Assessments},
  year    = {2021},
  volume  = {47},
  pages   = {101474},
  doi     = {10.1016/j.seta.2021.101474}
}

@article{lalwani2022customer,
  author  = {Lalwani, Praveen and Mishra, Manas Kumar and Chadha, Jasroop Singh and Sethi, Pratyush},
  title   = {Customer Churn Prediction System: A Machine Learning Approach},
  journal = {Computing},
  year    = {2022},
  volume  = {104},
  number  = {2},
  pages   = {271--294},
  doi     = {10.1007/s00607-021-00908-y}
}